@misc{c-olah:lstm,
   author = {Christopher Olah},
   title = {{Understanding LSTM Networks}},
   howpublished = {\url{http://colah.github.io/posts/2015-08-Understanding-LSTMs/}},
   note = {},
 }



@misc{a-kar:rnn-effectiveness,
   author = {Andrej Karpathy},
   title = {{The Unreasonable Effectiveness of Recurrent Neural Networks}},
   howpublished = {\url{http://karpathy.github.io/2015/05/21/rnn-effectiveness/}},
   note = {},
 }

@article{malay-rnn,
  added-at = {2011-10-4T23:02:12.000+0200},
  author = {Md Salam and Dzulkifli Mohamad and Sheikh Salleh},
  ee = {http://ccis2k.org/iajit/PDF/vol.8,no.4/4-969.pdf},
  interhash = {e92df552b17e9f952226a893b84ad739},
  intrahash = {9665b85e8756834ac29fcbd2c6ad0837},
  journal = {The International Arab Journal of Information Technology},
  
  timestamp = {2011-10-4T23:02:12.000+0200},
  title = {Malay Isolated Speech Recognition Using Neural Network: A Work in Finding Number of Hidden Nodes and Learning Parameters },
  volume = {8},
  year = 2011
}

@misc{wiki:hmm,
  title = {{Hidden Markov model. In \emph{Wikipedia}}},
  howpublished = {\url{https://en.wikipedia.org/wiki/Hidden_Markov_model}},
}

@misc{wiki:markov,
  title = {{Markov model. In \emph{Wikipedia}}},
  howpublished = {\url{https://en.wikipedia.org/wiki/Markov_model}},
}


@misc{machine-learning-mastery,
   author = {Dr. Jason Brownlee},
   title = {{Machine Learning Mastery Blog Series}},
   howpublished = {\url{http://machinelearningmastery.com/blog/}},
   note = {},
 }
 
@masterthesis{avash-nepalispeech,
	author = {Aavaas Gajurel and Anup Pokhrel and Manish K. Sharma},
	title = {{Nepali Speech Recognition}},
	school     =     {IOE Pulchowk Campus},
	address     =     {Nepal},
	year     =     {2015},
	}

@phdthesis{tanlee-isolate,
	author = {Tan Lee},
	title = {{Automatic Recognition of Isloated Cantonese Syllables using Neural Network}},
	school     =  {The Chinese University of Hong Kong},
	address     =     {Hong Kong},
	year     =     {1996},
}
	

@techreport{isolated-simple-rnn,
	author = {Yaushiro Takahashi and Yukihiro Nomura and Jianming LU and Hiroo Sekiya and Takashi Yahagi},
	title = {{Isolated Word Recognition Using Very Simple Recurrent Neural Network Plus and Noise Compensation LPC Analysis}},
	INSTITUTION =   {Graduate School of Science and Technology, Chiba University},
}

@techreport{arabic-rnn,
	author = {M. M. EL Choubassi and H. E. El Khoury and C. E. Jabra Alagha and J. A. Skaf and M. A. Al-Alaoui},
	title = {{Arabic Speech Recognition Using Recurrent Neural Network}},
	INSTITUTION =   {Electrical and Computer Engineering Department, Faculty of Engineering and Architecture, American University of Beirut},
}









@misc{SpectralSub:Tutorial,
	author = {Practical Cryptography},
	title = {{Tutorial Spectral Subtraction}},
	howpublished = {\url{http://practicalcryptography.com/miscellaneous/machine-learning/tutorial-spectral-subraction/
	}},
	note = {},
}

@article{Noise_Reduction,
	author = {Zhixin Chen},
	ee = {https://thesai.org/Downloads/Volume2No8/Paper%206-Simulation%20of%20Spectral%20Subtraction%20Based%20Noise%20Reduction%20Method.pdf},
	journal = {(IJACSA) International Journal of 
	Advanced Computer Science and Applications
	, },
	
	title = {Simulation of Spectral Subtraction Based Noise Reduction Method},
	volume = {2},
	year = 2011
}

@masterthesis{spectral-article,
	author = {Peddi Srinivas Rao and Vallabhaneni Sreelatha},
	title = {{Implementation and Evaluation of Spectral
	Subtraction with Minimum Statistics using
	WOLA and FFT Modulated Filter Banks }},
	school     =     {Blekinge Institute of Technology},
	address     =     {Sweden},
	year     =     {2014},
}

@misc{noise_reduce,
	author = {Prof. Andrzej Czyzewski},
	title = {{Noisy Speech Enhancement}},
	howpublished = {\url{https://sound.eti.pg.gda.pl/denoise/noise.html}},
	note = {},
}


@misc{Spec:Tutorial,
	author = {Shunsuke Aihara},
	title = {{Spectral Subtraction}},
	howpublished = {\url{ https://gist.github.com/shunsukeaihara/4602848}},
	note = {},
}


@misc{Pydubs,
	author = {James Robert},
	title = {{Pydubs}},
	howpublished = {\url{ 
	https://github.com/jiaaro/pydub
	}},
	note = {},
}

@misc{Spectral:Demo,
	author = {James Lyons},
	title = {{Spectral Subtraction Demo}},
	howpublished = {\url{https://gist.github.com/jameslyons/554325efb2c05da15b31}},
	note = {},
}

@misc{Numpy:Docs,
	author = {The Scipy Community},
	title = {{Numpy Documentation}},
	howpublished = {\url{https://docs.scipy.org/doc/numpy-1.13.0/reference/}},
	note = {},
}

@misc{j-lyons:features,
	author = {James Lyons},
	title = {{Mel Frequency Cepstral Coefficient (MFCC) Tutorial}},
	howpublished = {\url{http://www.practicalcryptography.com/miscellaneous/machine-learning/guide-mel-frequency-cepstral-coefficients-mfccs/}},
	note = {},
}

@article{feature-extraction,
	added-at = {2011-10-4T23:02:12.000+0200},
	author = {Namrata Dave},
	journal = {INTERNATIONAL JOURNAL FOR ADVANCE RESEARCH IN
	ENGINEERING AND TECHNOLOGY},
	
	timestamp = {2011-10-4T23:02:12.000+0200},
	title = {Feature Extraction Methods LPC, PLP and MFCC
	In Speech Recognition},
	volume = {1},
	year = 2013
}

@techreport{techniques-feature,
	author = {Urmila Shrawankar and Dr. Vilas Thakare},
	title = {{TECHNIQUES FOR FEATURE EXTRACTION IN SPEECH
	RECOGNITION SYSTEM : A COMPARATIVE STUDY}},
	INSTITUTION =   {SGB Amravati University, Amravati},
}



